@inproceedings{sc,
  title={Seam carving for content-aware image resizing},
  author={Avidan, Shai and Shamir, Ariel},
  booktitle={ACM Transactions on graphics (TOG)},
  volume={26},
  number={3},
  pages={10},
  year={2007},
  organization={ACM}
}

@article{sco,
  title={Optimized image resizing using seam carving and scaling},
  author={Dong, Weiming and Zhou, Ning and Paul, Jean-Claude and Zhang, Xiaopeng},
  journal={ACM Transactions on Graphics (TOG)},
  volume={28},
  number={5},
  pages={125},
  year={2009},
  publisher={ACM}
}
